<?xml version="1.0" encoding="UTF-8"?><collection xmlns="http://www.loc.gov/MARC21/slim"><record><leader>00450nam--2200133-i-4500</leader><controlfield tag="001">000037721</controlfield><controlfield tag="002">20161230</controlfield><controlfield tag="005">20161230201041</controlfield><controlfield tag="008">060222s1000------------r-----000-0-eng-d</controlfield><datafield ind1=" " ind2=" " tag="080"><subfield code="a">614.876</subfield></datafield><datafield ind1=" " ind2=" " tag="245"><subfield code="a">Protection against neutron radiation up to 30 million electron volts. recommendatiions of the nat.commitee on radiation protection and measurements</subfield></datafield><datafield ind1=" " ind2=" " tag="260"><subfield code="a">Washington,Nat.Bureau Of Standards,1967. Vi+88 P</subfield></datafield><datafield ind1=" " ind2=" " tag="490"><subfield code="a">Nbs Handb</subfield></datafield><datafield ind1=" " ind2=" " tag="852"><subfield code="a">27723</subfield></datafield></record></collection>